<record><leader>00000cas a22000007a 4500</leader><controlfield tag="001">26490058</controlfield><controlfield tag="008">920827d193u1959mouwr ne      0    0eng d</controlfield><datafield ind1=" " ind2=" " tag="010"><subfield code="a">sn 92058906 </subfield></datafield><datafield ind1=" " ind2=" " tag="040"><subfield code="a">MQN</subfield><subfield code="b">eng</subfield><subfield code="c">MQN</subfield><subfield code="d">OCLCQ</subfield></datafield><datafield ind1=" " ind2=" " tag="042"><subfield code="a">msc</subfield></datafield><datafield ind1="0" ind2="4" tag="245"><subfield code="a">The Rolla advertiser.</subfield></datafield><datafield ind1=" " ind2=" " tag="260"><subfield code="a">Rolla, Mo. :</subfield><subfield code="b">Rolla Print. Co.</subfield></datafield><datafield ind1=" " ind2=" " tag="300"><subfield code="a">v.</subfield></datafield><datafield ind1=" " ind2=" " tag="310"><subfield code="a">Weekly</subfield></datafield><datafield ind1="1" ind2=" " tag="362"><subfield code="a">Began in 1935?</subfield></datafield><datafield ind1="0" ind2=" " tag="362"><subfield code="a">-v. 25, no. 8 (May 28, 1959).</subfield></datafield><datafield ind1=" " ind2=" " tag="588"><subfield code="a">Description based on: Vol. 4, no. 46 (Feb. 24, 1938).</subfield></datafield><datafield ind1=" " ind2="4" tag="651"><subfield code="a">Rolla (Mo.)</subfield><subfield code="v">Newspapers.</subfield></datafield><datafield ind1=" " ind2=" " tag="752"><subfield code="a">United States</subfield><subfield code="b">Missouri</subfield><subfield code="c">Phelps</subfield><subfield code="d">Rolla.</subfield></datafield><datafield ind1="0" ind2="7" tag="785"><subfield code="t">Rolla weekly new era</subfield><subfield code="w">(DLC)sn 93060099</subfield></datafield><datafield ind1="0" ind2="7" tag="785"><subfield code="t">Rolla new era advertiser</subfield><subfield code="w">(DLC)sn 92058908</subfield></datafield><datafield ind1="1" ind2=" " tag="029"><subfield code="a">AU@</subfield><subfield code="b">000020718029</subfield></datafield></record>